<?xml version="1.0" encoding="UTF-8"?><collection><record><leader>07867ntm a22005772a 4500</leader><controlfield tag="001">006805282</controlfield><controlfield tag="003">MiAaHDL</controlfield><controlfield tag="005">20190719000000.0</controlfield><controlfield tag="006">m        d        </controlfield><controlfield tag="007">cr bn ---auaua</controlfield><controlfield tag="008">090530s1575    xx            00| ||ara d</controlfield><datafield tag="035" ind1=" " ind2=" "><subfield code="a">(MiU)006805282</subfield></datafield><datafield tag="035" ind1=" " ind2=" "><subfield code="a">sdr-miu006805282</subfield></datafield><datafield tag="040" ind1=" " ind2=" "><subfield code="a">MiU</subfield><subfield code="c">MiU</subfield><subfield code="e">amremm</subfield></datafield><datafield tag="043" ind1=" " ind2=" "><subfield code="a">n-us-mi</subfield></datafield><datafield tag="100" ind1="1" ind2=" "><subfield code="6">880-01</subfield><subfield code="a">Ibn al-Wardī, Zayn al-Dīn ʻUmar ibn al-Muẓaffar,</subfield><subfield code="d">-1349.</subfield></datafield><datafield tag="240" ind1="1" ind2="0"><subfield code="6">880-02</subfield><subfield code="a">Tatimmat al-Mukhtaṣar fī akhbār al-bashar.</subfield><subfield code="n">juzʼ 2</subfield></datafield><datafield tag="245" ind1="1" ind2="3"><subfield code="6">880-03</subfield><subfield code="a">al-Juzʼ al-thānī min Tatimmat al-Mukhtaṣar fī akhbār al-bashar,</subfield><subfield code="f">[983, i.e. 1575].</subfield></datafield><datafield tag="246" ind1="3" ind2="8"><subfield code="6">880-04</subfield><subfield code="a">Tārīkh Ibn al-Wardī juzʼ thānī</subfield></datafield><datafield tag="260" ind1=" " ind2=" "><subfield code="c">[1575].</subfield></datafield><datafield tag="300" ind1=" " ind2=" "><subfield code="a">166 leaves :</subfield><subfield code="b">paper ;</subfield><subfield code="c">265 x 175 (195 x 125) mm. bound to 265 x 180 mm.</subfield></datafield><datafield tag="500" ind1=" " ind2=" "><subfield code="a">Shelfmark: Ann Arbor, University of Michigan, Special Collections Library, Isl. Ms. 596</subfield></datafield><datafield tag="500" ind1=" " ind2=" "><subfield code="a">Origin: As appears in colophon on fol.166b, copied by Muḥammad ibn Muḥammad ibn ‘Alī ibn ‘Umar Ibn al-Saqqā for himself. Transcription finished ("wa-najiza taʻlīquh...") Sunday, 27 Rabīʻ II 983 [ca. 5 August 1575].</subfield></datafield><datafield tag="500" ind1=" " ind2=" "><subfield code="a">Accompanying materials: a. Inventory cataloguing slip in hand of Winifred Smeaton Thomas.</subfield></datafield><datafield tag="500" ind1=" " ind2=" "><subfield code="a">Former shelfmark: From spine label and inscription on upper doublure, "IL 40" (likely supplied by Yahuda).</subfield></datafield><datafield tag="500" ind1=" " ind2=" "><subfield code="a">Binding: Pasteboard covered in marbled paper and dark-brown leather at edges, lower cover missing and replaced with heavy brown laid paper (like shipping paper) ; Type II (with flap) though flap now missing (see pattern of wear on fol.1a); upper doublure covered in cream European laid paper with a few lines of poetry scribbled on, as well as former shelfmark ; on the "lower cover" (brown paper) is a rectangular stamp containg a large "R" over the word "BOMBAY," possibly vestigial, as well "Kairo aegypten," "Le Caire Egypte," and "[orie]ntalische Buchhandlung und antiquaria [?]" written in a large, rough cursive hand ; in poor condition.</subfield></datafield><datafield tag="500" ind1=" " ind2=" "><subfield code="a">Support: non-European laid paper with laid lines running horizontally and spaced roughly 9 laid lines per cm., chain lines in two groups of three, spaced roughly 12-13 mm. apart with roughly 36 mm. between the groups ; the replaced bifolia of the 5th and 13th quires appear to be on European laid paper.</subfield></datafield><datafield tag="500" ind1=" " ind2=" "><subfield code="a">Decoration: Textual dividers in the form of inverted commas, three dots, etc. in red ; text rubricated using orangeish red, lime green, and light purple inks in a purposeful and somewhat systematic manner, occasionally in combination (e.g., a word in purple ink pointed in red dots)- to mark the beginning of each year (purple), to mark death notices or other important events (green), for markers such as "فيها" or "قلت" (red) ; none of these usages is very consistent however, and all three colors can appear serving any of these functions.</subfield></datafield><datafield tag="500" ind1=" " ind2=" "><subfield code="a">Script: Naskh ; likely Syrian (or Egyptian?) hand ; round with very curvilinear descenders, though not too terribly swooping ; descenders occasionally reach back up to the centerline to connect with the succeeding word; alifs and vertical strokes have a slight leftward slant ; alifs are unserrifed though they have a very slight s-shaped curve to them ; replaced folia supplied in a different hand ; on fol.1a, title in a large red thuluth and beneath it a downward-pointing triangle of text with the author's name and titles in naskh.</subfield></datafield><datafield tag="500" ind1=" " ind2=" "><subfield code="a">Layout: Written in 25 lines per page ; occasional poetry with textual dividers lying between and on either side of each bayt ; frame-ruled.</subfield></datafield><datafield tag="500" ind1=" " ind2=" "><subfield code="a">Collation: i, V-1 (9), 15 V (159), V-3 (166), i ; chiefly quinions ; outermost bifolia of the 5th and 13th quires have been replaced ; 4th quire and most of the final quire are entirely loose ; quire numbering in the form of full words appears in the upper right corner of the recto of the first leaf of each quire after the first ; catchwords present ; foliation for every 10th folio and the final one (fol. 166) in Western numerals ; pagination in pencil, Western numerals (supplied during cataloguing).</subfield></datafield><datafield tag="500" ind1=" " ind2=" "><subfield code="a">Colophon: "Scribal," triangular, reads: "وانتهى التاريخ بموته سامحه الله تعالى ونجز تعليقه نهار الاحد السابع والعشرين من ربيع الثاني سنة ثلث وثمانين وتسعماية...علقه لنفسه الفقير المعترف بالعجز والتقصير الواثق بربه القدير حقا محمد بن محمد بن علي بن عمر بن السقا غفر الله له ولوالديه ولمن طالع هذا الكتاب ولمؤلفه ولجميع المسلمين والحمد لله رب العالمين وصلى الله على سيدنا محمد واله وصحبه اجمعين وحسبنا الله ونعم الوكيل. ابتدى به في نهار الاحد وفرغ منه كذلك"</subfield></datafield><datafield tag="500" ind1=" " ind2=" "><subfield code="a">Explicit: اموالنا شهاب الدين اني حمدت الله اذبك تم مجدي جميع الناس عندكم نزول وانت جبرتني ونزلت عندي. وفي سابع عشرين ذي الحجة سنة تسع واربعين وسبعماية توفي مؤلف هذا الكتاب عمر بن مظفر بن محمد بن الوردي بمدينة حلب المحروسة ودفن ما لاصقا لاخيه القاضي جمال الدين بمقابر الصالحين خارج باب المقام بحلب [..؟]الله تعالى برحمته ورضوانه</subfield></datafield><datafield tag="500" ind1=" " ind2=" "><subfield code="a">Incipit: ثم دخلت سنة احدى وخمس ماية فيها في رجب قتل سيف الدولة صدقة بن المنصور بن دبيس بن فريد الاسدى امير العرب في مقابلته [مقاتلته] السلطان محمد [كذا ; للسلطان محمد] وحمل راسه الى محمد وعمر صدقة تسع وخمسون وامارته احدى وعشرون سنة وقتل من اصحابه فوق ثلاثة الاف وكان متشيعاً وهو الذي بني الحلة بالعراق</subfield></datafield><datafield tag="500" ind1=" " ind2=" "><subfield code="a">Title from 'titlepage' inscription on fol.1a.</subfield></datafield><datafield tag="500" ind1=" " ind2=" "><subfield code="a">Ms. codex.</subfield></datafield><datafield tag="510" ind1="4" ind2=" "><subfield code="a">Ḥājjī Khalīfah. Kashf al-ẓunūn,</subfield><subfield code="c">v 448</subfield></datafield><datafield tag="510" ind1="4" ind2=" "><subfield code="a">Brockelmann, C. GAL,</subfield><subfield code="c">II, 140 no.9</subfield></datafield><datafield tag="520" ind1="8" ind2=" "><subfield code="a">Part two of Ibn al-Wardī 's abridgement of the chronicle of Abū al-Fidāʼ with a continuation from 729 to 749 / 1329-49. Text is followed by a death notice for Ibn al-Wardī himself. Description provided by Noah Gardiner.</subfield></datafield><datafield tag="538" ind1=" " ind2=" "><subfield code="a">Mode of access: Internet.</subfield></datafield><datafield tag="541" ind1=" " ind2=" "><subfield code="a">Acquired by purchase from Abraham Shalom Yahuda (1877-1951) in the late 1920s.</subfield></datafield><datafield tag="546" ind1=" " ind2=" "><subfield code="a">Arabic.</subfield></datafield><datafield tag="561" ind1=" " ind2=" "><subfield code="a">Apparently the copyist's own copy (see colophon) ; occasional marginal corrections ; various notabilia (side-heads) note the location in the text of the death notices of prominent individuals; most are in the copyist's hand although a few have been added by other users.</subfield></datafield><datafield tag="600" ind1="0" ind2="0"><subfield code="a">Abū al-Fidāʼ Ismāʻīl ibn ʻAlī,</subfield><subfield code="d">1273-1331.</subfield><subfield code="t">Mukhtaṣar tārīkh al-bashar.</subfield></datafield><datafield tag="650" ind1=" " ind2="0"><subfield code="a">Manuscripts, Arabic</subfield><subfield code="z">Michigan</subfield><subfield code="z">Ann Arbor.</subfield></datafield><datafield tag="650" ind1=" " ind2="0"><subfield code="a">Islam</subfield><subfield code="x">History</subfield><subfield code="v">Early works to 1800.</subfield></datafield><datafield tag="650" ind1=" " ind2="0"><subfield code="a">World history</subfield><subfield code="v">Early works to 1800.</subfield></datafield><datafield tag="700" ind1="1" ind2=" "><subfield code="6">880-05</subfield><subfield code="a">Ibn al-Saqqā, Muḥammad ibn Muḥammad ibn ‘Alī ibn ‘Umar,</subfield><subfield code="d">fl. 1575,</subfield><subfield code="e">copyist,</subfield><subfield code="e">former owner.</subfield></datafield><datafield tag="773" ind1="0" ind2=" "><subfield code="a">Yahuda Collection.</subfield></datafield><datafield tag="880" ind1="1" ind2=" "><subfield code="6">700-05/</subfield><subfield code="a">ابن سقا, محمد بن محمد بن علي بن عمر,</subfield><subfield code="e">ناسخ،</subfield><subfield code="e">مالك سابق.</subfield></datafield><datafield tag="880" ind1="3" ind2="8"><subfield code="6">246-04/</subfield><subfield code="a">تاريخ ابن الوردي جزء ثاني</subfield></datafield><datafield tag="880" ind1="1" ind2="2"><subfield code="6">245-03/</subfield><subfield code="a">الجزء الثاني من تتمة المختصر في اخبار البشر,</subfield><subfield code="f">[982ه, 1575م].</subfield></datafield><datafield tag="880" ind1="1" ind2="0"><subfield code="6">240-02/</subfield><subfield code="a">تتمة المختصر في اخبار البشر.</subfield><subfield code="n">جزء 2</subfield></datafield><datafield tag="880" ind1="1" ind2=" "><subfield code="6">100-01/</subfield><subfield code="a">ابن الوردي، زين الدين عمر بن المظفر.</subfield></datafield><datafield tag="CID" ind1=" " ind2=" "><subfield code="a">006805282</subfield></datafield><datafield tag="DAT" ind1="0" ind2=" "><subfield code="a">20190719102637.0</subfield><subfield code="b">20190719000000.0</subfield></datafield><datafield tag="DAT" ind1="1" ind2=" "><subfield code="a">20190719090653.0</subfield><subfield code="b">2019-07-19T16:11:40Z</subfield></datafield><datafield tag="DAT" ind1="2" ind2=" "><subfield code="a">2015-10-02T18:00:03Z</subfield></datafield><datafield tag="CAT" ind1=" " ind2=" "><subfield code="a">SDR-MIU</subfield><subfield code="d">EX LIBRIS - ALEPH</subfield><subfield code="l">prepare.pl-004-008</subfield></datafield><datafield tag="FMT" ind1=" " ind2=" "><subfield code="a">BK</subfield></datafield><datafield tag="HOL" ind1=" " ind2=" "><subfield code="0">sdr-miu006805282</subfield><subfield code="a">MiU</subfield><subfield code="b">SDR</subfield><subfield code="c">MIU</subfield><subfield code="p">mdp.39015079127232</subfield><subfield code="s">MIU</subfield><subfield code="1">006805282</subfield></datafield><datafield tag="974" ind1=" " ind2=" "><subfield code="b">MIU</subfield><subfield code="c">MIU</subfield><subfield code="d">20190719</subfield><subfield code="s">lit-dlps-dc</subfield><subfield code="u">mdp.39015079127232</subfield><subfield code="y">1575</subfield><subfield code="r">pd</subfield><subfield code="q">bib</subfield><subfield code="t">non-US bib date1 &lt; 1879</subfield></datafield></record></collection>